%% LaTeX2e file `abc.bib'
%% generated by the `filecontents' environment
%% from source `presentation' on 2017/10/25.
%%
 @article{bilson1978rational,
  title={Rational expectations and the exchange rate},
  author={Bilson, John FO},
  journal={The economics of exchange rates: Selected studies},
  pages={75--96},
  year={1978}
 }

%\includegraphics[width=\paperwidth]{figures/datacron_logo.png}}

\title{ Distributed Online Learning for Large-Scale Patterns Prediction}
%\author[shortname]{Author Name 1 \inst{1} \and Author Name 2 \inst{2}}
%\institute[shortinst]{\inst{1} affiliation for author1 \and %
 %                     \inst{2} affiliation for author2}
%\date{\today}

%\defbeamertemplate*{footline}{example theme}
%{%
%    \begin{beamercolorbox}[wd=\paperwidth,ht=2.5ex,dp=1.125ex,%
%        leftskip=.3cm,rightskip=.3cm plus1fil]{separation line}
%        \usebeamerfont{section in head/foot}%
%        \datacronlogo\hfill\insertshorttitle\hfill\dmyydate \today\hfill \thepage \hfill \horizonlogo
%            \end{beamercolorbox}
%}
\begin{document}

\frame{\titlepage}


\input{problem_statment}

\input{event_forecasting_with_markov_chain}

\input{distributed_learning}


\begin{frame}
\frametitle{Tasks}
\begin{columns}
\begin{column}{0.5\textwidth}
  \begin{itemize}
  \item<1->Task 1.
  \end{itemize}
\end{column}
\begin{column}{0.5\textwidth}  %%<--- here
  \begin{itemize}
  \item<1-> Task 2.
  \end{itemize}
\end{column}
\end{columns}
\end{frame}


\begin{frame}
 \frametitle{Performance Measures}
\begin{columns}
 \begin{column}{0.5\textwidth}
  \begin{itemize}
   \item<1->Precision:
   – how many of the produced predictions are correct
  \end{itemize}
 \end{column}
 \begin{column}{0.5\textwidth}  %%<--- here
  \begin{itemize}
   \item<1->  Recall:
   – how many of the full match does the model predicate at least once.
  \end{itemize}
 \end{column}
\end{columns}

\end{frame}
\frametitle{References}
\bibliographystyle{agsm}
\bibliography{myrefs2}

\begin{frame}

\end{frame}
\end{document}
