
@article{carbone2015apache,
	title={Apache flink: Stream and batch processing in a single engine},
	author={Carbone, Paris and Katsifodimos, Asterios and Ewen, Stephan and Markl, Volker and Haridi, Seif and Tzoumas, Kostas},
	journal={Bulletin of the IEEE Computer Society Technical Committee on Data Engineering},
	volume={36},
	number={4},
	year={2015},
	publisher={IEEE Computer Society}
}


@inproceedings{kamp2014communication,
	title={Communication-efficient distributed online prediction by dynamic model synchronization},
	author={Kamp, Michael and Boley, Mario and Keren, Daniel and Schuster, Assaf and Sharfman, Izchak},
	booktitle={Joint European Conference on Machine Learning and Knowledge Discovery in Databases},
	pages={623--639},
	year={2014},
	organization={Springer}
}

@article{dekel2012optimal,
	title={Optimal distributed online prediction using mini-batches},
	author={Dekel, Ofer and Gilad-Bachrach, Ran and Shamir, Ohad and Xiao, Lin},
	journal={Journal of Machine Learning Research},
	volume={13},
	number={Jan},
	pages={165--202},
	year={2012}
}

@article{kivinen2004online,
	title={Online learning with kernels},
	author={Kivinen, Jyrki and Smola, Alexander J and Williamson, Robert C},
	journal={IEEE transactions on signal processing},
	volume={52},
	number={8},
	pages={2165--2176},
	year={2004},
	publisher={IEEE}
}


@inproceedings{alevizos2017event,
	title={Event Forecasting with Pattern Markov Chains},
	author={Alevizos, Elias and Artikis, Alexander and Paliouras, George},
	booktitle={Proceedings of the 11th ACM International Conference on Distributed and Event-based Systems},
	pages={146--157},
	year={2017},
	organization={ACM}
}

@article{nuel2008pattern,
	title={Pattern Markov chains: optimal Markov chain embedding through deterministic finite automata},
	author={Nuel, Gr{\'e}gory},
	journal={Journal of Applied Probability},
	volume={45},
	number={1},
	pages={226--243},
	year={2008},
	publisher={Cambridge University Press}
}

@article{synopses1,
	title={Online event recognition from moving vessel trajectories},
	author={Patroumpas, Kostas and Alevizos, Elias and Artikis, Alexander and Vodas, Marios and Pelekis, Nikos and Theodoridis, Yannis},
	journal={GeoInformatica},
	volume={21},
	number={2},
	pages={389--427},
	year={2017},
	publisher={Springer}
}



%Maritime %

@article{pallotta2013vessel,
	title={Vessel pattern knowledge discovery from AIS data: A framework for anomaly detection and route prediction},
	author={Pallotta, Giuliana and Vespe, Michele and Bryan, Karna},
	journal={Entropy},
	volume={15},
	number={6},
	pages={2218--2245},
	year={2013},
	publisher={Multidisciplinary Digital Publishing Institute}
}

@inproceedings{liu2014knowledge,
	title={Knowledge-based clustering of ship trajectories using density-based approach},
	author={Liu, Bo and de Souza, Erico N and Matwin, Stan and Sydow, Marcin},
	booktitle={Big Data (Big Data), 2014 IEEE International Conference on},
	pages={603--608},
	year={2014},
	organization={IEEE}
}

@article{anderson1957statistical,
	title={Statistical inference about Markov chains},
	author={Anderson, Theodore W and Goodman, Leo A},
	journal={The Annals of Mathematical Statistics},
	pages={89--110},
	year={1957},
	publisher={JSTOR}
}

