


@misc{datacron,
	title = {Datacron  projet.},
	howpublished = {\url{http://www.datacron-project.eu/}},	
}

@article{carbone2015apache,
	title={Apache flink: Stream and batch processing in a single engine},
	author={Carbone, Paris and Katsifodimos, Asterios and Ewen, Stephan and Markl, Volker and Haridi, Seif and Tzoumas, Kostas},
	journal={Bulletin of the IEEE Computer Society Technical Committee on Data Engineering},
	volume={36},
	number={4},
	year={2015},
	publisher={IEEE Computer Society}
}



@inproceedings{kamp2014communication,
	title={Communication-efficient distributed online prediction by dynamic model synchronization},
	author={Kamp, Michael and Boley, Mario and Keren, Daniel and Schuster, Assaf and Sharfman, Izchak},
	booktitle={Joint European Conference on Machine Learning and Knowledge Discovery in Databases},
	pages={623--639},
	year={2014},
	organization={Springer}
}

@article{dekel2012optimal,
	title={Optimal distributed online prediction using mini-batches},
	author={Dekel, Ofer and Gilad-Bachrach, Ran and Shamir, Ohad and Xiao, Lin},
	journal={Journal of Machine Learning Research},
	volume={13},
	number={Jan},
	pages={165--202},
	year={2012}
}

@article{kivinen2004online,
	title={Online learning with kernels},
	author={Kivinen, Jyrki and Smola, Alexander J and Williamson, Robert C},
	journal={IEEE transactions on signal processing},
	volume={52},
	number={8},
	pages={2165--2176},
	year={2004},
	publisher={IEEE}
}


@inproceedings{alevizos2017event,
	title={Event Forecasting with Pattern Markov Chains},
	author={Alevizos, Elias and Artikis, Alexander and Paliouras, George},
	booktitle={Proceedings of the 11th ACM International Conference on Distributed and Event-based Systems},
	pages={146--157},
	year={2017},
	organization={ACM}
}

@article{nuel2008pattern,
	title={Pattern Markov chains: optimal Markov chain embedding through deterministic finite automata},
	author={Nuel, Gr{\'e}gory},
	journal={Journal of Applied Probability},
	volume={45},
	number={1},
	pages={226--243},
	year={2008},
	publisher={Cambridge University Press}
}





@article{synopses1,
	title={Online event recognition from moving vessel trajectories},
	author={Patroumpas, Kostas and Alevizos, Elias and Artikis, Alexander and Vodas, Marios and Pelekis, Nikos and Theodoridis, Yannis},
	journal={GeoInformatica},
	volume={21},
	number={2},
	pages={389--427},
	year={2017},
	publisher={Springer}
}

%Clustering %

@article{clustering,
	title={Data clustering: a review},
	author={Jain, Anil K and Murty, M Narasimha and Flynn, Patrick J},
	journal={ACM computing surveys (CSUR)},
	volume={31},
	number={3},
	pages={264--323},
	year={1999},
	publisher={Acm}
}

@inproceedings{liu2014knowledge,
	title={Knowledge-based clustering of ship trajectories using density-based approach},
	author={Liu, Bo and de Souza, Erico N and Matwin, Stan and Sydow, Marcin},
	booktitle={Big Data (Big Data), 2014 IEEE International Conference on},
	pages={603--608},
	year={2014},
	organization={IEEE}
}


@inproceedings{lee2007trajectory,
	title={Trajectory clustering: a partition-and-group framework},
	author={Lee, Jae-Gil and Han, Jiawei and Whang, Kyu-Young},
	booktitle={Proceedings of the 2007 ACM SIGMOD international conference on Management of data},
	pages={593--604},
	year={2007},
	organization={ACM}
}

@inproceedings{ester1996density,
	title={A density-based algorithm for discovering clusters in large spatial databases with noise.},
	author={Ester, Martin and Kriegel, Hans-Peter and Sander, J{\"o}rg and Xu, Xiaowei and others},
	booktitle={Kdd},
	volume={96},
	number={34},
	pages={226--231},
	year={1996}
}

@article{k-means,
	title={Algorithm AS 136: A k-means clustering algorithm},
	author={Hartigan, John A and Wong, Manchek A},
	journal={Journal of the Royal Statistical Society. Series C (Applied Statistics)},
	volume={28},
	number={1},
	pages={100--108},
	year={1979},
	publisher={JSTOR}
}

@inproceedings{chen2005robust,
	title={Robust and fast similarity search for moving object trajectories},
	author={Chen, Lei and {\"O}zsu, M Tamer and Oria, Vincent},
	booktitle={Proceedings of the 2005 ACM SIGMOD international conference on Management of data},
	pages={491--502},
	year={2005},
	organization={ACM}
}

%Maritime %

@article{pallotta2013vessel,
	title={Vessel pattern knowledge discovery from AIS data: A framework for anomaly detection and route prediction},
	author={Pallotta, Giuliana and Vespe, Michele and Bryan, Karna},
	journal={Entropy},
	volume={15},
	number={6},
	pages={2218--2245},
	year={2013},
	publisher={Multidisciplinary Digital Publishing Institute}
}


%Unused refs
%@ARTICLE{laney20013d,
	%title={3D data management: Controlling data volume, velocity and variety},
	%author={Laney, Doug},
	%journal={META Group Research Note},
	%volume={6},
	%pages={70},
	%year={2001}
	%}

%@ARTICLE{gantz2012digital,
	%	title={The digital universe in 2020: Big data, bigger digital shadows, and biggest growth in the far east},
	%	author={Gantz, John and Reinsel, David},
	%	journal={IDC iView: IDC Analyze the future},
	%	volume={2007},
	%	number={2012},
	%	pages={1--16},
	%	year={2012}
	%}